\usepackage{hyperref}
@book{WO,
	author = { A. Banerjee, N. Ghosh, S. D. Gupta},
	title = {Wave Optics},
	OPTchapter = {4,6},
}

@online{jones,
title     = {\href{https://en.wikipedia.org/wiki/Jones_calculus}{Jones Calculus}},
}
@article{coherency,
	author = {Wang Jizhong},
	title = {A matrix method for describing unpolarized light and its applications},
	date = {1986},
	OPTdoi = {10.1007/bf02488478},
}
